<?xml version="1.0" encoding="UTF-8"?><collection xmlns="http://www.loc.gov/MARC21/slim"><record><leader>00392nam--2200133-i-4500</leader><controlfield tag="001">000028122</controlfield><controlfield tag="002">20161230</controlfield><controlfield tag="005">20161230201037</controlfield><controlfield tag="008">060222s1000------------r-----000-0-eng-d</controlfield><datafield ind1=" " ind2=" " tag="100"><subfield code="a">Kemperman J.H.B</subfield></datafield><datafield ind1=" " ind2=" " tag="245"><subfield code="a">The pasage problem for a stationary markovchain</subfield></datafield><datafield ind1=" " ind2=" " tag="260"><subfield code="a">Chicago, The University Of Chicago Press, 1961. 127p</subfield></datafield><datafield ind1=" " ind2=" " tag="490"><subfield code="a">Statistical Research Monographs. Vol. I</subfield></datafield><datafield ind1=" " ind2=" " tag="852"><subfield code="a">16983</subfield></datafield></record></collection>